[gd_scene load_steps=4 format=2]

[ext_resource path="res://Assets/heart.png" type="Texture" id=1]
[ext_resource path="res://Scripts/UI.gd" type="Script" id=2]

[sub_resource type="Theme" id=2]

[node name="UI" type="Control"]
anchor_right = 1.0
anchor_bottom = 1.0
grow_horizontal = 2
grow_vertical = 2
script = ExtResource( 2 )
__meta__ = {
"_edit_use_anchors_": false
}

[node name="Background" type="ColorRect" parent="."]
anchor_right = 1.0
anchor_bottom = 1.0
color = Color( 0, 0, 0, 1 )
__meta__ = {
"_edit_use_anchors_": false
}

[node name="BeatCounter" type="Label" parent="."]
anchor_right = 1.0
anchor_bottom = 1.0
margin_left = 472.5
margin_top = 9.0
margin_right = -472.5
margin_bottom = -577.0
theme = SubResource( 2 )
text = "1"
align = 1
valign = 1
__meta__ = {
"_edit_use_anchors_": false
}

[node name="HitsPanel" type="HBoxContainer" parent="."]
anchor_left = 1.0
anchor_right = 1.0
margin_left = -312.0
margin_bottom = 50.0
__meta__ = {
"_edit_use_anchors_": false
}

[node name="HitsLabel" type="Label" parent="HitsPanel"]
margin_top = 18.0
margin_right = 30.0
margin_bottom = 32.0
text = "Hits:"

[node name="HitsNumber" type="Label" parent="HitsPanel"]
margin_left = 34.0
margin_top = 18.0
margin_right = 42.0
margin_bottom = 32.0
text = "0"

[node name="Control" type="HBoxContainer" parent="HitsPanel"]
margin_left = 46.0
margin_right = 312.0
margin_bottom = 50.0

[node name="1" type="TextureRect" parent="HitsPanel/Control"]
margin_right = 50.0
margin_bottom = 50.0
texture = ExtResource( 1 )
stretch_mode = 3

[node name="2" type="TextureRect" parent="HitsPanel/Control"]
margin_left = 54.0
margin_right = 104.0
margin_bottom = 50.0
texture = ExtResource( 1 )
stretch_mode = 3

[node name="3" type="TextureRect" parent="HitsPanel/Control"]
margin_left = 108.0
margin_right = 158.0
margin_bottom = 50.0
texture = ExtResource( 1 )
stretch_mode = 3

[node name="4" type="TextureRect" parent="HitsPanel/Control"]
margin_left = 162.0
margin_right = 212.0
margin_bottom = 50.0
texture = ExtResource( 1 )
stretch_mode = 3

[node name="5" type="TextureRect" parent="HitsPanel/Control"]
margin_left = 216.0
margin_right = 266.0
margin_bottom = 50.0
texture = ExtResource( 1 )
stretch_mode = 3

[node name="NotesPanel" type="Panel" parent="."]
anchor_top = 1.0
anchor_right = 1.0
anchor_bottom = 1.0
margin_top = -180.0
__meta__ = {
"_edit_use_anchors_": false
}

[node name="BeatPopup" type="Label" parent="."]
visible = false
anchor_left = 0.5
anchor_top = 0.5
anchor_right = 0.5
anchor_bottom = 0.5
margin_left = -16.0
margin_top = -265.0
margin_right = 16.0
margin_bottom = -251.0
text = "BEAT"
align = 1
valign = 1
__meta__ = {
"_edit_use_anchors_": false
}
